4059 5192
319 520 326 529 ’
459 500 525 655 43ί
576 502 751 631 aaaron
776 556 839 629 or
867 537 1042 633 carana
1066 501 1269 661 ornarunt
1294 552 1463 631 ovant
1489 526 1606 633 nort.
1765 524 1802 599 ὓ

581 724 652 803 Sua
669 703 849 802 Sanllirar
874 720 979 799 illico
1002 718 1329 799 Reverendilinnia
1359 717 1740 796 omniouaDorninir

346 919 348 923 .
466 832 734 915 Cardinalibur
762 832 811 915 ad
841 828 877 911 le
906 834 1127 912 convocatis
1148 832 1379 912 eleciionem
1401 831 1624 926 annunciet,
1647 852 1739 907 cum
1796 902 1800 909 .

467 945 702 1027 exultatione
718 942 914 1026 manifesta
938 970 1003 1051 per
1019 948 1155 1024 omnes
1171 943 1311 1041 fienda,
1335 942 1508 1049 ipsosque
1522 943 1640 1056 etiam
1657 940 1738 1021 col·
1781 988 1785 995 -
1829 1036 1841 1049 ἡ

467 1052 637 1165 legiatim
664 1053 900 1164 &privatim
926 1059 1084 1158 invitet,
1114 1056 1163 1138 ad
1185 1078 1348 1138 omnem
1378 1056 1511 1136 latitia
1534 1053 1739 1135 exhibitio·
1760 1138 1763 1145 ,

466 1194 560 1262 nem
579 1170 833 1280 peragendam
850 1193 929 1251 tam
951 1174 990 1252 in
1016 1171 1222 1273 hodierno,
1240 1196 1356 1277 quam
1371 1168 1534 1250 crastino
1550 1167 1642 1249 lero.

583 1311 656 1416 Sed
671 1314 708 1394 δι
724 1314 857 1419 gratias
878 1332 990 1417 agant
1005 1316 1111 1393 DEO
1132 1310 1179 1393 de
1202 1314 1287 1393 miti
1309 1318 1426 1417 Rege,
1447 1312 1486 1392 δι
1506 1308 1610 1391 dulei
1633 1310 1738 1393 l'rin·

347 1456 353 1481 ¹
468 1424 553 1533 cipe
581 1426 706 1507 eleilo
730 1432 998 1507 Romanorum
1026 1433 1261 1533 Imperatore
1286 1424 1444 1527 futuro,
1473 1426 1513 1505 ἀ
1534 1418 1644 1505 Miss'a
1671 1446 1738 1531 per
1880 1427 1888 1439 “

467 1539 635 1643 aliquem
653 1536 838 1645 infigoem
854 1536 1051 1618 Praelatum
1072 1538 1121 1621 de
1143 1541 1301 1619 natione
1313 1535 1499 1643 Hispano,
1521 1558 1588 1619 aut
1612 1536 1736 1618 saltim

383 1712 386 1725 .
467 1646 622 1733 subdito
639 1658 773 1758 Regno
789 1650 899 1761 iplrur
915 1652 1027 1761 Regia
1040 1648 1323 1753 Romanorum,
1343 1670 1519 1734 cantetur
1538 1676 1656 1757 quam
1680 1646 1740 1730 l'o·
1767 1652 1778 1663 '

467 1762 686 1847 lennillime
714 1766 768 1845 in‘
786 1764 945 1873 Capella
974 1764 1126 1867 Palatii,
1155 1764 1331 1873 prasente
1355 1764 1417 1844 lira
1444 1764 1673 1866 Sanilirate,
1699 1764 1739 1844 lt

468 1878 651 1961 omnibus
665 1875 931 1961 Cardinalibur
946 1876 1066 1959 rubeo
1081 1878 1214 1959 colore
1226 1876 1382 1975 indutis,
1400 1900 1444 1959 ae
1459 1874 1641 1958 omnibus
1655 1876 1736 1959 aliia
1817 1883 1823 1889 ’

466 1988 602 2071 laetitia
631 1989 741 2095 lignis
770 1990 1049 2097 apparentibus.
1111 1984 1221 2071 Missa
1255 2011 1387 2071 autem
1424 1986 1467 2070 fit
1503 1989 1553 2071 cle
1580 1990 1736 2098 Virgine
1889 2020 1899 2053 ι

466 2106 602 2203 Maria,
614 2120 706 2182 'cum
722 2104 1097 2203 commemoratione
1112 2102 1161 2182 de
1177 2127 1282 2183 novo
1297 2108 1550 2209 Imperatore,
1560 2128 1642 2209 quae
1652 2130 1735 2185 ora·

466 2216 526 2295 tio
544 2214 698 2322 incipit:
729 2224 836 2297 DEus
855 2242 1044 2327 regnorum
1058 2222 1228 2318 omnum,
1252 2211 1298 2302 θ’
1312 2226 1472 2296 maxime
1480 2224 1632 2302 omani
1653 2226 1737 2296 l’re·

464 2326 580 2409 tollor
595 2334 755 2437 Imperii,
769 2328 901 2429 oralia,
918 2354 987 2437 pro
1006 2326 1164 2410 Ecclella
1181 2328 1374 2410 videlicet:
1406 2315 1737 2441 Ecclefiaerire,qrra·
1854 2328 1872 2336 ”

453 2447 586 2555 firmus
603 2448 768 2542 Domine,
791 2462 918 2549 preces
928 2444 1095 2549 placatus
1110 2440 1274 2522 admitte.

579 2588 785 2671 Intimetur
812 2587 963 2667 vicario
987 2592 1092 2695 Papa
1113 2588 1154 2666 in
1182 2586 1297 2686 urbe,
1323 2605 1369 2667 ut
1405 2610 1542 2669 omnes
1569 2584 1763 2669 Balilicar‘

464 2698 693 2783 &Eccleliar
707 2698 809 2778 urbia
825 2696 1027 2806 respective
1035 2699 1139 2779 idern
1163 2699 1244 2778 lieri
1265 2694 1404 2779 faciant
1420 2698 1485 2779 sub
1502 2726 1629 2806 poena,
1654 2722 1735 2783 ram

462 2816 506 2901 in
522 2806 634 2894 fimlli
647 2810 919 2911 celebratione,
941 2836 1060 2917 quam
1075 2812 1116 2892 in
1131 2835 1403 2919 campanarum
1423 2810 1564 2910 sonitu,
1588 2816 1626 2893 δι
1648 2815 1736 2893 illn-

352 2948 356 2959 ·
465 2926 766 3027 minationibus,
802 2926 843 3005 διΙ
869 2923 1128 3033 splendoribus
1155 2923 1373 3024 nociumir,
1408 2926 1447 3005 δι
1479 2920 1737 3011 festivitatibus

463 3038 626 3138 diurnis,
640 3036 745 3119 nulla
761 3058 928 3145 excepta,
942 3059 1285 3143 quantumcunque
1306 3037 1551 3145 privilegiata.

579 3174 790 3270 Mandetur
813 3186 1000 3288 senatori,
1022 3180 1378 3291 Conservatoribur,
1400 3162 1598 3293 Capiiibua
1611 3193 1735 3298 regie·

464 3320 563 3384 num
593 3324 637 3385 ac
665 3298 891 3383 Mareseallir
926 3300 1108 3381 omnium
1138 3300 1362 3399 curiarum,
1392 3303 1434 3381 bc
1458 3300 1735 3407 Tribunaliurn

404 3411 410 3417 ’
464 3414 583 3517 urbis,
600 3436 642 3493 ut
658 3408 832 3494 cellenta
849 3410 941 3493 foris
954 3439 1104 3493 eorum.
1162 3412 1234 3493 Sed
1250 3414 1287 3492 δι
1302 3412 1404 3521 figna
1427 3414 1561 3495 laetitiae
1581 3412 1733 3523 faciant,

465 3550 510 3606 ac
527 3524 608 3604 fieri
624 3524 810 3604 mandent
822 3525 870 3603 ab
886 3526 1067 3606 omnibus
1082 3523 1156 3605 sub*
1171 3527 1304 3630 poenir.
1361 3530 1408 3605 Et
1432 3524 1604 3608 fimiliter
1625 3544 1745 3613 mani

466 3636 580 3717 detur
604 3634 786 3715 omnibus
807 3634 1032 3717 officialibus
1054 3636 1104 3718 de
1124 3635 1276 3745 bustula,
1299 3660 1344 3719 ut
1364 3639 1472 3723 idem
1491 3641 1533 3719 in
1553 3645 1734 3728 omnibut

338 3778 343 3791 ¹
466 3752 587 3859 &per
610 3748 742 3829 omnia
760 3744 915 3861 iaciant.

525 3956 529 3963 -
580 3908 626 3983 Et
642 3898 750 4010 super
765 3898 952 4010 pramillir
965 3896 1330 4008 deputentur,srmul
1348 3926 1438 3983 cum
1453 3902 1737 4016 Gubernatore,

432 4028 436 4035 '
465 4016 585 4123 aliqui
602 4012 781 4097 officiales
796 4012 1170 4121 superintendentes,
1190 4034 1234 4092 ut
1255 4016 1390 4097 ornnia
1411 4042 1529 4121 quarn
1552 4020 1736 4108 laetiffime
1819 4020 1827 4033 '

332 4150 377 4235 '.
466 4126 582 4228 fiant,
613 4130 801 4239 quoniam
830 4126 883 4249 fic
902 4124 955 4210 eli
978 4125 1154 4210 voluntat
1175 4124 1398 4212 Smiliffirni
1419 4132 1584 4213 Domini
1615 4126 1735 4220 nostri
1848 4200 1856 4261 3

284 4296 288 4303 -
332 4330 333 4335 Ν
462 4244 581 4351 Papa.

1646 4410 1737 4490 Hoc
