4059 5192
398 614 404 625 .
504 598 618 680 ,DE
648 566 888 717 Aurora
919 596 1102 701 ouus
1132 601 1333 681 uranu.
1421 596 1461 699 ἢ
1504 616 1571 705 387

300 772 484 867 literaria,
501 790 589 847 tomo
605 768 729 873 quinto
737 788 820 870 pag.
839 760 914 862 ⁸243.
942 768 1125 847 Meminit
1141 794 1297 875 quoque
1312 769 1379 848 ilio
1393 770 1483 851 loeo
1500 777 1574 852 Vo-

234 922 237 930 *
301 880 596 967 nere-editionis
618 902 723 958 anno
745 882 957 959 MDXXVI.
986 908 1007 958 a
1031 880 1220 986 predivite
1249 908 1293 961 ex
1323 884 1572 987 Capeliorum
1715 903 1721 910 ·

302 994 461 1083 familia,
475 990 636 1074 avaritiae
652 988 758 1071 eausa
773 1004 998 1087 mercatore,
1015 994 1076 1070 cui
1093 1014 1239 1071 nomen
1261 988 1573 1099 fuissetSyivano,

302 1128 525 1221 procurata:
565 1102 672 1183 addit
695 1107 1015 1183 CLEMENTEM
1041 1108 1181 1211 Papam
1199 1110 1278 1185 VII.
1301 1106 1341 1185 id
1365 1106 1475 1186 valde
1498 1110 1573 1206 iniq
1666 1145 1671 1153 ·

302 1248 383 1327 quo
405 1223 539 1323 animo
563 1208 685 1295 tuliffe
699 1240 811 1321 atque
836 1214 1117 1322 supprimenda·
1128 1244 1172 1296 ea
1194 1219 1432 1325 exemplaria,
1455 1230 1502 1300 ac'
1523 1245 1574 1301 ne

306 1334 484 1439 deinceps
506 1328 792 1428 excuderentur,
816 1326 1040 1407 severissime
1061 1322 1264 1436 imperasse.
1325 1328 1391 1411 Ast
1405 1356 1482 1437 qua
1496 1333 1578 1417 fide

304 1448 384 1529 hae
402 1446 516 1525 relata
530 1440 682 1537 suerint,
698 1466 742 1519 ex
757 1438 924 1521 annuetis
941 1438 1137 1547 dijudicati
1151 1439 1258 1521 facile
1274 1438 1437 1549 possunt.
1507 1513 1511 1519 .

421 1554 455 1661 §.
483 1560 581 1637 XIV.
623 1551 796 1634 Dubium
818 1552 934 1659 igitur
958 1574 1104 1653 manet,
1126 1579 1174 1634 an
1197 1558 1492 1639 MARCELLVS
1523 1556 1574 1641 de
1695 1529 1700 1537 ⁹
1865 1520 1870 1528 ·

217 1734 222 1739 .
303 1666 607 1753 RomanaCutia
622 1665 789 1746 editione
804 1668 929 1746 LIBRI
959 1670 1374 1747 CEREMONIARVM
1406 1670 1574 1752 multum

239 1828 245 1835 ·
304 1780 593 1865 fuerit'meritus.
653 1784 755 1858 Na'm
772 1802 862 1858 eum
877 1802 962 1893 non
973 1775 1300 1885 prorsuiliberann
1317 1806 1475 1889 quapro
1492 1780 1573 1887 ipso

128 1912 145 1947 *
199 1870 205 1899 Ἰ
306 1894 480 2001 allegavit
507 1894 843 1973 MABILLONIVS
872 1893 1116 1969 commentario
1138 1892 1575 1996 innumerorum,

295 2010 432 2117 pagina
450 2010 544 2087 VIII.
599 2008 736 2109 Neque
752 1998 954 2083 confilium
974 2006 1166 2083 PARIDlS
1183 2028 1232 2083 ue
1250 1998 1460 2105 CRASSIS,
1476 2005 1502 2084 s1
1517 2008 1578 2086 ni·-

308 2115 426 2201 miam
451 2116 693 2199 acerbitatem
713 2115 882 2222 excipias,
899 2140 920 2195 a
937 2116 1136 2222 prudentia
1151 2112 1419 2197 suit‘alienum.
1477 2124 1579 2199 Inte·
1609 2164 1616 2171 -

78 2230 86 2239 ’
188 2315 212 2331 „
307 2226 382 2312 rim
400 2253 505 2311 tanta
520 2230 587 2309 iilo
602 2254 683 2309 aevu
699 2232 880 2307 Romana
896 2228 1019 2307 Curiae
1034 2228 1080 2306 de
1097 2224 1160 2307 sua
1177 2225 1329 2309 fortuna
1349 2230 1579 2311 acemi'nen·
1680 2255 1689 2269 ‘

309 2345 360 2425 tia
374 2364 453 2423 erat
468 2338 662 2450 persuasio,
679 2358 720 2418 ut
737 2336 916 2436 nesciam,
930 2329 1010 2442 quo
1026 2340 1264 2421 imminentis
1278 2342 1433 2447 periculi
1461 2344 1498 2422 &
1515 2345 1580 2424 de·

307 2458 493 2539 crementi
509 2454 652 2533 inditio
668 2450 732 2531 fibi
748 2454 881 2532 omnia
896 2451 1008 2531 licere
1025 2452 1204 2532 crederet.
1265 2459 1337 2533 Res
1359 2458 1433 2557 jain
1454 2480 1503 2537 eo
1518 2456 1585 2537 de·
1677 2516 1685 2525 .

309 2588 514 2667 venerant,
552 2586 596 2647 ut
619 2589 746 2669 neque
776 2564 928 2645 avaritia
959 2587 1088 2668 neque
1115 2564 1276 2645 ambitio
1301 2567 1454 2647 ulterius
1483 2568 1583 2650 dissi·
1674 2589 1677 2599 ·

312 2682 491 2763 mulanda
506 2678 730 2759 crederetur.
788 2675 990 2757 Testantur
1007 2674 1101 2757 iilud
1115 2678 1195 2757 duo
1212 2675 1358 2787 scripta,
1380 2706 1460 2785 quae
1482 2705 1582 2789 pene

76 2868 80 2887 ‚
139 2860 147 2871 .
312 2792 453 2875 eodem
471 2814 646 2899 tempore
662 2792 702 2867 in
719 2788 844 2867 lucem
861 2786 1078 2895 prodibant,
1095 2814 1262 2893 quotum
1278 2793 1439 2872 alterum
1464 2793 1582 2872 avari·

151 2954 159 2959 -
313 2908 372 2989 tiae
386 2902 621 3003 insatiabilis,
638 2901 797 2982 alterum
816 2898 1036 2979 ambitionis
1051 2896 1243 2981 immensa
1258 2900 1404 3011 sgnum
1426 2904 1585 2983 evidens

257 3038 262 3045 '
314 3014 495 3103 nmmum
513 3012 718 3124 praebebat:
749 3018 852 3118 cujus
866 3008 1081 3120 possetiotis
1098 3012 1314 3095 testimonia
1336 3016 1466 3124 p'rodit
1486 3014 1583 3097 iiber

174 3133 182 3141 '
258 3128 269 3135 ’
318 3133 382 3233 iile
406 3130 745 3222 Ceremoniarum,
765 3127 907 3230 dequo
929 3124 1112 3205 hasienus
1132 3128 1291 3231 egimus.
1351 3130 1468 3210 Paulo
1493 3151 1582 3209 ante

316 3250 447 3325 Rotnae
456 3242 677 3323 Camellariae
689 3242 790 3318 I'axa
804 3234 932 3318 excusa
941 3234 1024 3318 suit.
1087 3238 1220 3347 Operis
1230 3237 1361 3321 titulus
1376 3264 1475 3322 etat:
1504 3246 1584 3323 RE·

318 3360 492 3453 GVLAE,
523 3354 989 3447 CONSTITVTIONES,
1017 3353 1583 3450 RESERVAT10NES,CAN-

319 3470 587 3551 certatura
625 3466 927 3544 sanaurssnu
947 3466 1160 3573 ⁴noratur
1190 3468 1379 3545 nostru
1407 3454 1586 3547 tronis
1689 3450 1727 3477 ·’
1880 3494 1888 3505 -

316 3586 471 3662 inunt
500 3585 545 3660 x.
581 3578 809 3657 uorum
838 3580 1021 3655 turrae
1048 3580 1113 3655 ur
1143 3580 1459 3659 uvuucnrnt.
1517 3584 1599 3659 aa:
1729 3584 1738 3600 “

232 3748 239 3755 -
296 3754 303 3763 .
319 3694 480 3803 gina'67.
498 3690 718 3798 legebantur
742 3684 952 3791 sequentia:
984 3694 1090 3769 Taxae
1113 3690 1335 3770 cancellario
1355 3713 1425 3795 prr
1454 3696 1586 3773 MAR-

278 3796 558 3887 'cattum
598 3802 1211 3897 summouentium.
1268 3809 1381 3882 mma
1416 3806 1586 3883 ineam.
1737 3815 1744 3835 .
1848 3750 1854 3760 “

314 3939 361 4026 po
385 3920 492 3999 Florae
520 3942 610 3995 anno
641 3916 856 3993 MDXIV.
892 3912 949 3990 dio
978 3914 1142 3991 leii.
1182 3914 1391 3997 Nourrrrbrir¹
1413 3910 1589 4019 impraffae,
1659 3924 1664 3929 ’
1762 3922 1774 3939 “

245 4034 249 4039 ’
312 4032 449 4140 finiunt
464 4028 645 4134 feliciter!
680 4032 735 4105 En
758 4025 854 4105 duos
869 4022 1092 4121 Marcellos,
1113 4021 1282 4102 duorum
1305 4048 1466 4131 operum
1494 4022 1592 4106 cele·

322 4140 459 4225 britate
484 4140 617 4236 claros,
639 4140 677 4219 δι
698 4140 776 4245 pari
792 4140 939 4226 ratione
962 4136 1009 4216 de
1034 4142 1209 4216 Romana
1231 4136 1330 4215 curia
1353 4142 1593 4246 promeritos.
1660 4236 1668 4248 ⁸

76 4344 78 4361 Ι
309 4260 378 4337 Ἐι
400 4254 579 4359 quidem,
604 4252 708 4359 quod
734 4248 780 4330 ad
811 4254 995 4331 TAXAM
1030 4252 1411 4360 cnucuttnutnss
1442 4253 1594 4351 attinet,

76 4368 77 4375 ‘
144 4416 152 4427 ·
285 4438 297 4465 ,
327 4370 542 4449 habuerunt
566 4386 665 4445 terte
683 4364 818 4441 multas
839 4364 1005 4441 rationes
1030 4366 1213 4442 Romanae
1235 4364 1344 4444 cutiae
1364 4366 1530 4461 Patroni,
1551 4384 1596 4475 ut

331 4480 474 4579 librum
490 4477 601 4559 illum
617 4498 818 4581 nunquam
842 4480 940 4583 typis
965 4470 1191 4580 exscriptum
1213 4470 1306 4577 eise,
1340 4502 1406 4559 aut
1426 4480 1503 4582 ejus
1520 4480 1598 4577 jam

849 4610 853 4617 ·
1013 4590 1156 4670 Ceez
1307 4644 1311 4651 ·
1493 4586 1617 4689 deles
