4059 5192
301 687 305 693 .
386 674 393 693 ,λ
782 594 1191 684 ceurunrarr.
1260 623 1283 655 -·
1533 566 1603 719 {97
1834 665 1836 670 -

755 824 759 845 ·
850 804 1058 935 Luxu

442 950 652 1063 Donatio
689 952 977 1091 Monasterio
1005 962 1356 1107 Frud‘unrienst
1364 1044 1395 1087 ‚‚
1414 958 1476 1077 ab
1703 956 1707 965 ¹

518 1101 524 1123 “
623 1104 928 1181 Ο-ΤΤΗΟΝΕ
971 1099 1296 1214 WILELMO,
1542 1165 1551 1211 ,

96 1264 98 1295 ,
197 1216 239 1263 ¹·
769 1216 981 1319 Burgunrliae
1000 1221 1142 1299 Comite.

215 1399 219 1409 ,
409 1394 412 1401 1
444 1380 446 1385 ·
613 1362 656 1429 Ea
676 1364 846 1433 Cartulario
865 1369 892 1433 S.
909 1370 1040 1453 Benigni
1057 1354 1299 1455 Fmeluatiensu.

399 1497 586 1587 Hrilliana
601 1508 764 1618 Religio,
781 1514 881 1595 viam
897 1512 1083 1596 redeundi
1098 1516 1147 1597 ad
1160 1516 1316 1599 Paradifi
1330 1487 1487 1626 patriam
1497 1526 1585 1616 Deo
1602 1550 1607 1566 ,

359 1722 368 1741 .
412 1616 573 1701 authore
586 1622 775 1728 patefacit,
792 1652 874 1707 non
891 1626 1014 1708 solum
1031 1628 1174 1710 divitiis
1188 1633 1584 1733 renunciantibus,sed

318 1742 434 1806 ettam
449 1754 735 1851 contemptores
753 1735 884 1821 earum
907 1742 1134 1843 juvantibus.
1179 1748 1303 1847 Hujus
1320 1747 1375 1823 rei
1389 1748 1508 1851 gratia
1522 1747 1583 1827 in·

259 1922 264 1930 ,
316 1854 375 1915 tet
394 1866 523 1924 caetera
539 1844 673 1929 sanclis
689 1851 783 1933 locis
796 1852 844 1933 ab
865 1852 1021 1934 inferius
1043 1850 1293 1938 nominandis
1315 1854 1413 1937 vetis
1435 1856 1581 1946 miseri·
1688 1868 1696 1876 '

232 2028 238 2049 ,
317 1954 485 2035 corditer
500 1958 692 2061 concella,
710 1965 903 2071 quandam
919 1966 1120 2049 Ecclesram
1138 1970 1178 2047 in
1197 1970 1350 2049 honore
1368 1976 1403 2050 S.
1416 1973 1580 2056 Martini

317 2066 554 2170 dedicatam,
569 2074 607 2154 δι
623 2074 721 2186 olim
739 2080 981 2159 nominatam
998 2078 1223 2181 Abbatiam,
1247 2078 1579 2185 sedantiquorum

311 2180 546 2289 negligentia
570 2186 827 2287 miserabiliter
854 2190 1101 2291 destrudlam,
1130 2186 1362 2273 Nobililsrmi
1385 2195 1578 2303 Principes
1710 2255 1716 2265 .

316 2294 747 2406 Wlelmuecognomine
760 2303 885 2393 Ottho,
900 2308 936 2385 δι
952 2304 1051 2392 filius
1067 2310 1144 2410 ejus
1160 2306 1380 2410 Raynaldur,
1394 2308 1451 2407 (a)
1480 2333 1576 2391 con·

310 2410 407 2493 sulcu
423 2412 604 2493 Ammathi
619 2414 849 2497 illustrisslmi
863 2418 944 2499 Viri
955 2420 1125 2507 Umberti,
1139 2420 1207 2524 qui
1220 2415 1294 2499 fuit
1308 2416 1406 2498 filius
1419 2420 1576 2525 Wlengi,

308 2522 545 2609 tradiderunt
576 2527 725 2634 publica
754 2528 968 2613 donatione
995 2528 1231 2610 Monasterio
1259 2530 1400 2613 Santra
1429 2534 1573 2633 Maria,

308 2638 639 2749 contraeontra
656 2649 832 2751 Regnum
849 2644 981 2743 Italia,
1007 2643 1098 2724 loco
1114 2644 1181 2751 qui
1194 2642 1333 2724 dicitur
1347 2637 1572 2737 Fr'udunrin

284 2754 349 2837 ,in
366 2755 566 2853 Comitatu
587 2758 829 2861 Hisporiense,
851 2754 916 2837 ubi
932 2758 1031 2837 inter
1051 2757 1231 2865 plurimas
1251 2756 1467 2835 sanctorum
1490 2758 1571 2835 col·

302 2865 416 2948 ledat
431 2866 618 2969 reliquias,
639 2868 841 2950 beatotum
857 2870 1037 2966 Tiburtii,
1053 2870 1220 2977 Agapiti,
1237 2868 1436 2948 Alexandri
1453 2890 1569 2972 atquc

302 2979 442 3082 Juliani
458 3004 686 3091 venerantur
701 2984 921 3091 patrocinia.
982 2982 1041 3065 Est
1064 3002 1193 3064 autem
1207 2976 1426 3089 supra'didla
1440 2981 1568 3061 Eccle-

84 3116 86 3195 l
178 3172 183 3177 .
302 3091 353 3175 fia
368 3098 400 3175 S.
411 3095 566 3177 Martini
582 3092 647 3175 srta
663 3122 784 3205 prope
799 3094 1086 3197 moeniaCastri,
1108 3095 1217 3200 quod
1231 3094 1343 3175 Belna
1355 3093 1417 3192 (b)
1434 3095 1565 3187 nomi·
1698 3136 1703 3144 >

222 3248 231 3255 ·
301 3226 427 3306 natur,
443 3208 482 3287 in
498 3205 721 3315 Episcopatu
737 3207 1043 3313 Augustodunenſs,
1058 3204 1239 3315 quamde
1253 3198 1563 3317 juris'suipoffes·

299 3318 404 3433 fione
419 3319 704 3403 transfuderunt
719 3321 884 3429 pradilli
899 3321 1089 3426 Principes
1106 3310 1564 3427 inpolleslioneirudlua·

296 3432 423 3533 siensrs
440 3434 680 3529 Monasterii,
703 3434 809 3541 quod
825 3432 961 3514 modo
969 3434 1141 3513 Wlelmus
1159 3430 1287 3513 Abbas
1308 3455 1439 3538 tegere
1458 3431 1564 3512 vide·

297 3572 381 3647 tut,
407 3549 518 3627 itaut
534 3544 581 3629 ab
597 3548 666 3630 hac
683 3546 760 3647 die,
775 3569 853 3629 tam
863 3544 953 3653 ipse,
963 3572 1079 3651 quam
1090 3538 1309 3627 success'otes
1325 3546 1563 3651 ejus,Redlo·

223 3736 231 3743 .
297 3686 356 3747 tes
378 3661 553 3763 videlicet
574 3655 797 3771 molinarii,
821 3656 960 3761 faciant
982 3656 1192 3741 secundum
1215 3663 1367 3758 Deum,
1396 3659 1446 3741 ad
1469 3686 1562 3768 pto·

230 3810 238 3823 =
273 3842 280 3851 .
298 3776 419 3884 priam
434 3774 652 3877 utilitatem,
664 3772 926 3855 finedantium
943 3768 1270 3875 lucceffort'tmque
1287 3770 1562 3851 contradictio·

280 3912 372 3990 ne,
393 3884 667 3997 quodcumque
683 3886 894 3983 voluerint3
924 3884 1028 3967 unde
1043 3888 1081 3967 δι
1095 3888 1174 3991 jam
1188 3883 1267 3972 hoc
1287 3880 1561 4076 testamentultln
1695 3957 1699 3965 ,

1486 4021 1511 4073 u
1541 4025 1565 4083 a

275 4198 281 4213 ·
312 4139 420 4269 “(al
432 4162 626 4263 rainaldus]
656 4166 765 4263 quiin
782 4167 949 4239 comitatu
963 4163 1157 4264 durgundia
1168 4164 1254 4237 Patri
1269 4158 1421 4263 lircceffit.

257 4292 273 4369 '.
346 4292 404 4399 (l)
430 4284 552 4408 delun]
578 4284 680 4391 vulgo
702 4274 855 4406 Brutine,
875 4286 950 4369 urbs
969 4287 1058 4363 inter
1076 4285 1244 4413 primarias
1266 4280 1462 4408 Burgundio
1478 4286 1564 4407 ξω·

280 4446 285 4458 ·
427 4414 560 4471 ἩΠΕΗΙ·
1027 4430 1035 4443 ·
1603 4419 1606 4427 ·

798 4494 1207 4625 ·.1’r,
